@article{lv2014improved,
  title={Improved Algorithms OF CELF and CELF++ for Influence Maximization.},
  author={Lv, Jiaguo and Guo, Jingfeng and Yang, Zhen and Zhang, Wei and Jocshi, Allen},
  journal={Journal of Engineering Science \& Technology Review},
  volume={7},
  number={3},
  year={2014},
  publisher={Citeseer}
}

@inproceedings{goyal2011celf++,
  title={Celf++: optimizing the greedy algorithm for influence maximization in social networks},
  author={Goyal, Amit and Lu, Wei and Lakshmanan, Laks VS},
  booktitle={Proceedings of the 20th international conference companion on World wide web},
  pages={47--48},
  year={2011},
  organization={ACM}
}

@inproceedings{tang2014influence,
  title={Influence maximization: Near-optimal time complexity meets practical efficiency},
  author={Tang, Youze and Xiao, Xiaokui and Shi, Yanchen},
  booktitle={Proceedings of the 2014 ACM SIGMOD international conference on Management of data},
  pages={75--86},
  year={2014},
  organization={ACM}
}

@inproceedings{tang2015influence,
  title={Influence maximization in near-linear time: A martingale approach},
  author={Tang, Youze and Shi, Yanchen and Xiao, Xiaokui},
  booktitle={Proceedings of the 2015 ACM SIGMOD International Conference on Management of Data},
  pages={1539--1554},
  year={2015},
  organization={ACM}
}