@article{rivest1987game,
  title={Game tree searching by min/max approximation},
  author={Rivest, Ronald L},
  journal={Artificial Intelligence},
  volume={34},
  number={1},
  pages={77--96},
  year={1987}
}
@article{knuth1975analysis,
  title={An analysis of alpha-beta pruning},
  author={Knuth, Donald E and Moore, Ronald W},
  journal={Artificial intelligence},
  volume={6},
  number={4},
  pages={293--326},
  year={1975},
  publisher={Elsevier}
}