@article{tang2009memetic,
  title={Memetic algorithm with extended neighborhood search for capacitated arc routing problems},
  author={Tang, Ke and Mei, Yi and Yao, Xin},
  journal={IEEE Transactions on Evolutionary Computation},
  volume={13},
  number={5},
  pages={1151--1166},
  year={2009},
  publisher={IEEE}
}
@inproceedings{lacomme2001genetic,
  title={A genetic algorithm for the capacitated arc routing problem and its extensions},
  author={Lacomme, Philippe and Prins, Christian and Ramdane-Ch{\'e}rif, Wahiba},
  booktitle={Workshops on Applications of Evolutionary Computation},
  pages={473--483},
  year={2001},
  organization={Springer}
}
@book{dror2012arc,
  title={Arc routing: theory, solutions and applications},
  author={Dror, Moshe},
  year={2012},
  publisher={Springer Science \& Business Media}
}
@article{ulusoy1985fleet,
  title={The fleet size and mix problem for capacitated arc routing},
  author={Ulusoy, G{\"u}nd{\"u}z},
  journal={European Journal of Operational Research},
  volume={22},
  number={3},
  pages={329--337},
  year={1985},
  publisher={Elsevier}
}